
@inproceedings{kaemarungsi2004modeling,
  title={Modeling of indoor positioning systems based on location fingerprinting},
  author={Kaemarungsi, Kamol and Krishnamurthy, Prashant},
  booktitle={INFOCOM 2004. Twenty-third AnnualJoint Conference of the IEEE Computer and Communications Societies},
  volume={2},
  pages={1012--1022},
  year={2004},
  organization={IEEE}
}

@inproceedings{shchekotov2014indoor,
  title={Indoor localization method based on wi-fi trilateration technique},
  author={Shchekotov, Maxim},
  booktitle={Proceeding of the 16th conference of fruct association},
  year={2014}
}

@inproceedings{kashevnik2012comparative,
  title={Comparative analysis of indoor positioning systems based on communications supported by smartphones},
  author={Kashevnik, Alexey and Shchekotov, Maxim},
  booktitle={Proceedings of FRUCT conference},
  pages={43--48},
  year={2012}
}

@inproceedings{alsehly2010improving,
  title={Improving indoor positioning accuracy through a wi-fi handover algorithm},
  author={Alsehly, F and Mohd Sabri, R and Sevak, Z and Arslan, T},
  booktitle={International Technical Meeting, The University of Edinburgh, Scotland, UK},
  pages={131--139},
  year={2010}
}


@article{oguejiofor2013outdoor,
  title={Outdoor localization system using RSSI measurement of wireless sensor network},
  author={Oguejiofor, O and Okorogu, V and Adewale, Abe and Osuesu, B},
  journal={International Journal of Innovative Technology and Exploring Engineering},
  volume={2},
  number={2},
  pages={1--6},
  year={2013},
  publisher={Citeseer}
}

@misc{google_maps_api,
title={Google Maps Android API},
author={Google},
note={\url{https://developers.google.com/maps/documentation/android-api/}}
}

@MISC{sqlite_api,
title={SQLite Android API},
author={Google},
note={\url{https://developer.android.com/reference/android/database/sqlite/package-summary.html}}
}
